@article{HussFarinotti2014,
author = {Huss, Matthias and Farinotti, Daniel},
year = {2014},
month = {07},
pages = {},
title = {A high-resolution bedrock map for the Antarctic Peninsula},
volume = {8},
journal = {The Cryosphere},
doi = {10.5194/tc-8-1261-2014}
}